@book{曾谨言2003量子力学教程,
  title     = {量子力学教程},
  author    = {曾谨言},
  year      = {2003},
  series    = {“十二五”普通高等教育本科国家级规划教材},
  publisher = {科学出版社}
}

@book{sakurai2006现代量子力学,
  title     = {现代量子力学},
  author    = {Sakurai, J.J. and Tuan, S.F.},
  isbn      = {9787506273145},
  series    = {物理学经典英文教材系列},
  url       = {https://books.google.com.pk/books?id=xauaGQAACAAJ},
  year      = {2006},
  publisher = {世界图书出版公司北京公司}
}
